
@inproceedings{chekol_sparql_2012,
	title = {{SPARQL} query containment under {RDFS} entailment regime},
	booktitle = {International {Joint} {Conference} on {Automated} {Reasoning}},
	publisher = {Springer},
	author = {Chekol, Melisachew Wudage and Euzenat, Jérôme and Genevès, Pierre and Layaïda, Nabil},
	year = {2012},
	pages = {134--148},
	file = {Full Text:/Users/resc01/Zotero/storage/HBU5F69X/Chekol et al. - 2012 - SPARQL query containment under RDFS entailment reg.pdf:application/pdf;Snapshot:/Users/resc01/Zotero/storage/6JKT6G5C/978-3-642-31365-3_13.html:text/html}
}

@inproceedings{chekol_sparql_2012-1,
	title = {{SPARQL} query containment under {SHI} axioms},
	booktitle = {Twenty-{Sixth} {AAAI} {Conference} on {Artificial} {Intelligence}},
	author = {Chekol, Melisachew Wudage and Euzenat, Jérôme and Genevès, Pierre and Layaïda, Nabil},
	year = {2012},
	file = {Full Text:/Users/resc01/Zotero/storage/GEUKE443/Chekol et al. - 2012 - SPARQL query containment under SHI axioms.pdf:application/pdf;Snapshot:/Users/resc01/Zotero/storage/IVM8QSTG/4924.html:text/html}
}

@inproceedings{serfiotis_containment_2005,
	title = {Containment and minimization of {RDF}/{S} query patterns},
	booktitle = {International {Semantic} {Web} {Conference}},
	publisher = {Springer},
	author = {Serfiotis, Giorgos and Koffina, Ioanna and Christophides, Vassilis and Tannen, Val},
	year = {2005},
	pages = {607--623},
	file = {Full Text:/Users/resc01/Zotero/storage/QUBWIWXK/Serfiotis et al. - 2005 - Containment and minimization of RDFS query patter.pdf:application/pdf;Snapshot:/Users/resc01/Zotero/storage/6TBMQDJR/11574620_44.html:text/html}
}

@inproceedings{chekol_containment_2016,
	title = {On the containment of {SPARQL} queries under entailment regimes},
	booktitle = {Thirtieth {AAAI} {Conference} on {Artificial} {Intelligence}},
	author = {Chekol, Melisachew Wudage},
	year = {2016},
	file = {Full Text:/Users/resc01/Zotero/storage/SVDMPURK/Chekol - 2016 - On the containment of SPARQL queries under entailm.pdf:application/pdf;Snapshot:/Users/resc01/Zotero/storage/6DTNFIZ9/12027.html:text/html}
}

@article{chekol_sparql_2018,
	title = {{SPARQL} query containment under schema},
	volume = {7},
	number = {3},
	journal = {Journal on Data Semantics},
	author = {Chekol, Melisachew Wudage and Euzenat, Jérôme and Genevès, Pierre and Layaïda, Nabil},
	year = {2018},
	pages = {133--154},
	file = {Snapshot:/Users/resc01/Zotero/storage/2MD8SQHU/s13740-018-0087-1.html:text/html}
}