
@phdthesis{chekol_psparql_2011,
	type = {{PhD} {Thesis}},
	title = {{PSPARQL} query containment},
	school = {INRIA},
	author = {Chekol, Melisachew Wudage and Euzenat, Jérôme and Genevès, Pierre and Layaïda, Nabil},
	year = {2011},
	file = {Full Text:/Users/resc01/Zotero/storage/2NRARE2D/Chekol et al. - 2011 - PSPARQL query containment.pdf:application/pdf;Snapshot:/Users/resc01/Zotero/storage/MS3I59QI/inria-00598819.html:text/html}
}

@inproceedings{pichler_containment_2014,
	title = {Containment and equivalence of well-designed {SPARQL}},
	booktitle = {Proceedings of the 33rd {ACM} {SIGMOD}-{SIGACT}-{SIGART} symposium on {Principles} of database systems},
	publisher = {ACM},
	author = {Pichler, Reinhard and Skritek, Sebastian},
	year = {2014},
	pages = {39--50},
	file = {Snapshot:/Users/resc01/Zotero/storage/9X5ADP7W/citation.html:text/html}
}

@inproceedings{chekol_containment_2016,
	title = {Containment of expressive {SPARQL} navigational queries},
	booktitle = {International {Semantic} {Web} {Conference}},
	publisher = {Springer},
	author = {Chekol, Melisachew Wudage and Pirrò, Giuseppe},
	year = {2016},
	pages = {86--101},
	file = {Snapshot:/Users/resc01/Zotero/storage/BRPDE7PC/978-3-319-46523-4_6.html:text/html}
}

@inproceedings{salas_canonicalisation_2018,
	title = {Canonicalisation of monotone {SPARQL} queries},
	booktitle = {International {Semantic} {Web} {Conference}},
	publisher = {Springer},
	author = {Salas, Jaime and Hogan, Aidan},
	year = {2018},
	pages = {600--616},
	file = {Snapshot:/Users/resc01/Zotero/storage/AAJMXIUP/978-3-030-00671-6_35.html:text/html}
}

@phdthesis{rousset_static_2012,
	type = {{PhD} {Thesis}},
	title = {Static {Analysis} of {Semantic} {Web} {Queries}},
	school = {University of Montpellier},
	author = {ROUSSET, Mme Marie-Christine and Calvanese, M. Diego and Polleres, M. Axel and Mugnier, Mme Marie-Laure and Euzenat, M. Jérôme and Layaïda, M. Nabil},
	year = {2012}
}

@article{salas_canonicalisation_2019,
	title = {Canonicalisation of {Monotone} {SPARQL} {Queries} ({Extended} {Version})},
	author = {Salas, Jaime and Hogan, Aidan},
	year = {2019},
	file = {Full Text:/Users/resc01/Zotero/storage/99GH4NX5/Salas und Hogan - Canonicalisation of Monotone SPARQL Queries (Exten.pdf:application/pdf}
}

@inproceedings{abbas_sparql_2017,
	title = {{SPARQL} {Query} {Containment} with {ShEx} {Constraints}},
	booktitle = {European {Conference} on {Advances} in {Databases} and {Information} {Systems}},
	publisher = {Springer},
	author = {Abbas, Abdullah and Genevès, Pierre and Roisin, Cécile and Layaïda, Nabil},
	year = {2017},
	pages = {343--356},
	file = {Full Text:/Users/resc01/Zotero/storage/94REMNX8/Abbas et al. - 2017 - SPARQL Query Containment with ShEx Constraints.pdf:application/pdf;Snapshot:/Users/resc01/Zotero/storage/UGMC3PQS/978-3-319-66917-5_23.html:text/html}
}

@inproceedings{salas_qcan:_2018,
	title = {{QCan}: {Normalising} {Congruent} {SPARQL} {Queries}},
	volume = {54},
	shorttitle = {{QCan}},
	booktitle = {Proc. 17th {International} {Semantic} {Web} {Conference} ({ISWC}), pp. article},
	author = {Salas, Jaime and Hogan, Aidan},
	year = {2018},
	file = {Full Text:/Users/resc01/Zotero/storage/C82JTM7N/Salas und Hogan - 2018 - QCan Normalising Congruent SPARQL Queries.pdf:application/pdf}
}

@article{kaminski_subsumption_2019,
	title = {Subsumption of {Weakly} {Well}-{Designed} {SPARQL} {Patterns} is {Undecidable}},
	journal = {arXiv preprint arXiv:1901.09353},
	author = {Kaminski, Mark and Kostylev, Egor V.},
	year = {2019},
	file = {Full Text:/Users/resc01/Zotero/storage/Z9PDZF8E/Kaminski und Kostylev - 2019 - Subsumption of Weakly Well-Designed SPARQL Pattern.pdf:application/pdf;Snapshot:/Users/resc01/Zotero/storage/I7QFVBAR/1901.html:text/html}
}